<record><leader>00000cas a22000007a 4500</leader><controlfield tag="001">15057193</controlfield><controlfield tag="008">870112d19221966inuwr ne      0    0eng d</controlfield><datafield ind1=" " ind2=" " tag="010"><subfield code="a">sn 87055045 </subfield></datafield><datafield ind1=" " ind2=" " tag="040"><subfield code="a">NPI</subfield><subfield code="b">eng</subfield><subfield code="c">NPI</subfield><subfield code="d">OCLCQ</subfield></datafield><datafield ind1=" " ind2=" " tag="042"><subfield code="a">msc</subfield></datafield><datafield ind1="0" ind2="4" tag="245"><subfield code="a">The Medaryville herald.</subfield></datafield><datafield ind1=" " ind2=" " tag="260"><subfield code="a">Medaryville, Ind. :</subfield><subfield code="b">E.L. Tresize,</subfield><subfield code="c">-1966.</subfield></datafield><datafield ind1=" " ind2=" " tag="310"><subfield code="a">Weekly</subfield></datafield><datafield ind1="1" ind2=" " tag="362"><subfield code="a">Began in 1922?</subfield></datafield><datafield ind1="0" ind2=" " tag="362"><subfield code="a">-v. 44, no. 38 (Sept. 29, 1966).</subfield></datafield><datafield ind1=" " ind2=" " tag="588"><subfield code="a">Description based on: Vol. 2, no. 1 (Apr. 5, 1923).</subfield></datafield><datafield ind1=" " ind2=" " tag="752"><subfield code="a">United States</subfield><subfield code="b">Indiana</subfield><subfield code="c">Pulaski</subfield><subfield code="d">Medaryville.</subfield></datafield><datafield ind1="0" ind2="0" tag="785"><subfield code="t">Herald (Medaryville, Ind.)</subfield><subfield code="w">(DLC)sn 87055046</subfield></datafield></record>